%@conference{conference,
%  author       = {Peter Draper}, 
%  title        = {The title of the work},
%  booktitle    = {The title of the book},
%  year         = 1993,
%  editor       = {The editor},
%  volume       = 4,
%  series       = 5,
%  pages        = 213,
%  address      = {The address of the publisher},
%  month        = 7,
%  organization = {The organization},
%  publisher    = {The publisher},
%  note         = {An optional note}  
%}

@conference{latinmag_2017,
  author = {Reis, A. L. A. and Oliveira Jr., V. C.},
  title        = {SED for optimal acquisition design and sensor-to-sample distance applied to scanning magnetic microscopy},
  booktitle    = {Fifth bi-anual meeting of the LATINMAG},
  year         = 2017,
  address      = {Quer\'{e}taro, M\'{e}xico},
  month        = 9,
  organization = {LATINMAG},
  url = {http://www.latinmag2017.com.mx/en/},
  note         = {Abstract}
}