@article{bastos_oliveirajr_2019,
author = { B. Marcela S. Bastos  and  Vanderlei C. Oliveira{ }Jr. },
title = {Isostatic constraint for 2D non-linear gravity inversion on rifted margins},
journal = {GEOPHYSICS},
volume = {0},
number = {0},
pages = {ja},
year = {2019},
doi = {10.1190/geo2018-0772.1},
URL = {https://doi.org/10.1190/geo2018-0772.1},
eprint = {https://doi.org/10.1190/geo2018-0772.1}
}

@article{araujo_hallsensor_2019,
	doi = {10.3390/s19071636},
	url = {https://doi.org/10.3390%2Fs19071636},
	eprint = {https://doi.org/10.3390%2Fs19071636},
	year = {2019},
	month = {apr},
	publisher = {{MDPI} {AG}},
	volume = {19},
	number = {7},
	pages = {1636},
	author = {Jefferson Araujo and Andre Reis and Vanderlei C Oliveira{ }Jr and Amanda Santos and Cleanio Luz-Lima and Elder Yokoyama and Leonardo Mendoza and Jo{\~{a}}o Pereira and Antonio Bruno},
	title = {Characterizing Complex Mineral Structures in Thin Sections of Geological Samples with a Scanning Hall Effect Microscope},
	journal = {Sensors}
}

@article{takahashi_ellipsoids_2017,
	title = {Ellipsoids (v1.0): 3-{D} magnetic modelling of ellipsoidal bodies},
	volume = {10},
	copyright = {All rights reserved},
	issn = {1991-9603},
	doi = {10.5194/gmd-10-3591-2017},
	language = {en},
	number = {9},
	urldate = {2017-10-19},
	journal = {Geoscientific Model Development},
	author = {Takahashi, Diego and Oliveira Jr., Vanderlei C.},
	month = sep,
	year = {2017},
	pages = {3591--3608}
}

@article{siqueira_fast_2017,
	title = {Fast iterative equivalent-layer technique for gravity data processing: {A} method grounded on excess mass constraint},
	volume = {82},
	copyright = {All rights reserved},
	doi = {10.1190/geo2016-0332.1},
	number = {4},
	journal = {GEOPHYSICS},
	author = {Siqueira, Fillipe C. L. and Oliveira Jr., Vanderlei C. and Barbosa, Valéria C. F.},
	year = {2017},
	pages = {G57--G69}
}

@article{reis_estimating_2016,
	title = {Estimating the magnetization distribution within rectangular rock samples},
	volume = {17},
	copyright = {All rights reserved},
	issn = {15252027},
	doi = {10.1002/2016GC006329},
	language = {en},
	number = {8},
	urldate = {2017-10-19},
	journal = {Geochemistry, Geophysics, Geosystems},
	author = {Reis, A. L. A. and Oliveira Jr., V. C. and Yokoyama, E. and Bruno, A. C. and Pereira, J. M. B.},
	month = aug,
	year = {2016},
	pages = {3350--3374}
}

@article{oliveira_jr_estimation_2015,
	title = {Estimation of the total magnetization direction of approximately spherical bodies},
	volume = {22},
	copyright = {All rights reserved},
	doi = {10.5194/npg-22-215-2015},
	number = {2},
	journal = {Nonlinear Processes in Geophysics},
	author = {Oliveira Jr, VC and Sales, DP and Barbosa, VCF and Uieda, L},
	year = {2015},
	pages = {215--232}
}

@article{uieda_geophysical_2014,
	title = {Geophysical tutorial: {Euler} deconvolution of potential-field data},
	volume = {33},
	copyright = {All rights reserved},
	issn = {1070-485X, 1938-3789},
	doi = {10.1190/tle33040448.1},
	language = {en},
	number = {4},
	urldate = {2017-10-19},
	journal = {The Leading Edge},
	author = {Uieda, Leonardo and Oliveira Jr., Vanderlei C. and Barbosa, Valéria C. F.},
	month = apr,
	year = {2014},
	pages = {448--450}
}

@article{melo_estimating_2013,
	title = {Estimating the nature and the horizontal and vertical positions of 3D magnetic sources using {Euler} deconvolution},
	volume = {78},
	copyright = {All rights reserved},
	issn = {0016-8033, 1942-2156},
	doi = {10.1190/geo2012-0515.1},
	language = {en},
	number = {6},
	urldate = {2017-10-19},
	journal = {GEOPHYSICS},
	author = {Melo, Felipe F. and Barbosa, Valeria C. F. and Uieda, Leonardo and Oliveira Jr., Vanderlei C. and Silva, João B. C.},
	month = nov,
	year = {2013},
	pages = {J87--J98}
}

@article{oliveira_3-d_2013,
	title = {3-{D} radial gravity gradient inversion},
	volume = {195},
	copyright = {All rights reserved},
	issn = {1365-246X, 0956-540X},
	doi = {10.1093/gji/ggt307},
	language = {en},
	number = {2},
	urldate = {2017-10-19},
	journal = {Geophysical Journal International},
	author = {Oliveira Jr., Vanderlei C. and Barbosa, Valéria C.F.},
	month = nov,
	year = {2013},
	pages = {883--902}
}

@article{oliveira_jr._polynomial_2013,
	title = {Polynomial equivalent layer},
	volume = {78},
	copyright = {All rights reserved},
	doi = {10.1190/geo2012-0196.1},
	number = {1},
	journal = {GEOPHYSICS},
	author = {Oliveira Jr., V. C. and Barbosa, V. C. F. and Uieda, L.},
	year = {2013},
	pages = {G1--G13}
} 

@article{oliveira_jr_source_2011,
	title = {Source geometry estimation using the mass excess criterion to constrain 3-{D} radial inversion of gravity data},
	volume = {187},
	copyright = {All rights reserved},
	issn = {0956540X},
	doi = {10.1111/j.1365-246X.2011.05172.x},
	language = {en},
	number = {2},
	urldate = {2017-10-19},
	journal = {Geophysical Journal International},
	author = {Oliveira Jr., Vanderlei C. and Barbosa, Valéria C. F. and Silva, João B. C.},
	month = nov,
	year = {2011},
	pages = {754--772}
}
